@Book{Blum2008,
  editor    = {Christian Blum and Daniel Merkle},
  publisher = {Springer Berlin Heidelberg},
  title     = {Swarm Intelligence},
  year      = {2008},
  doi       = {10.1007/978-3-540-74089-6},
}

@Article{Parpinelli2011,
  author    = {R.S. Parpinelli and H.S. Lopes},
  journal   = {International Journal of Bio-Inspired Computation},
  title     = {New inspirations in swarm intelligence: a survey},
  year      = {2011},
  number    = {1},
  pages     = {1},
  volume    = {3},
  doi       = {10.1504/ijbic.2011.038700},
  publisher = {Inderscience Publishers},
}

@Book{Brownlee2011,
  author    = {Brownlee, Jason},
  publisher = {Lulu},
  title     = {Clever algorithms},
  year      = {2011},
  isbn      = {9781446785065},
  pages     = {423},
  subtitle  = {nature-inspired programming recipes},
}

@Book{Eberhart2001,
  author    = {Russell C. Eberhart, Yuhui Shi, James Kennedy},
  publisher = {Morgan Kaufmann Publishers},
  title     = {Swarm intelligence},
  year      = {2001},
  edition   = {1st},
  isbn      = {9781558605954,1558605959},
  series    = {The Morgan Kaufmann series in evolutionary computation},
}

@Book{Spears2005,
  author    = {Spears, William M.},
  publisher = {Springer},
  title     = {Swarm Robotics},
  year      = {2005},
  isbn      = {9783540242963},
  pages     = {175},
  subtitle  = {SAB 2004 International Workshop, Santa Monica, CA, USA, July 17, 2004, Revised Selected Papers (Lecture Notes in Computer Science)},
}

@Book{Bonabeau1999,
  author    = {Bonabeau, Eric},
  publisher = {Oxford University Press},
  title     = {Swarm intelligence},
  year      = {1999},
  isbn      = {0195131584},
  pages     = {307},
  subtitle  = {from natural to artificial isystems},
}

@Article{Tang2021,
  author    = {Jun Tang and Gang Liu and Qingtao Pan},
  journal   = {{IEEE}/{CAA} Journal of Automatica Sinica},
  title     = {A Review on Representative Swarm Intelligence Algorithms for Solving Optimization Problems: Applications and Trends},
  year      = {2021},
  month     = {oct},
  number    = {10},
  pages     = {1627--1643},
  volume    = {8},
  doi       = {10.1109/jas.2021.1004129},
  publisher = {Institute of Electrical and Electronics Engineers ({IEEE})},
}

@Book{Dario2012,
  author    = {Dario, Paolo and Sandini, Giulio and Aebischer, Patrick},
  publisher = {Springer London, Limited},
  title     = {Robots and Biological Systems : Towards a New Bionics?},
  year      = {2012},
  isbn      = {9783642580697},
  pages     = {786},
  subtitle  = {Proceedings of the NATO Advanced Workshop on Robots and Biological Systems, Held at II Ciocco, Toscana, Italy, June 26-30 1989},
}

@Article{Yang2017,
  author    = {Xin-She Yang and Suash Deb and Yu-Xin Zhao and Simon Fong and Xingshi He},
  journal   = {Soft Computing},
  title     = {Swarm intelligence: past, present and future},
  year      = {2017},
  month     = {sep},
  number    = {18},
  pages     = {5923--5933},
  volume    = {22},
  doi       = {10.1007/s00500-017-2810-5},
  publisher = {Springer Science and Business Media {LLC}},
}

@Book{Kiranyaz2013,
  author    = {Kiranyaz, Serkan and Ince, Turker and Gabbouj, Moncef},
  publisher = {Springer London, Limited},
  title     = {Multidimensional Particle Swarm Optimization for Machine Learning and Pattern Recognition},
  year      = {2013},
  isbn      = {9783642378461},
}

@Book{Panigrahi2011,
  editor    = {Bijaya Ketan Panigrahi and Yuhui Shi and Meng-Hiot Lim},
  publisher = {Springer Berlin Heidelberg},
  title     = {Handbook of Swarm Intelligence},
  year      = {2011},
  doi       = {10.1007/978-3-642-17390-5},
}

@Book{Gendreau2010,
  editor    = {Michel Gendreau and Jean-Yves Potvin},
  publisher = {Springer {US}},
  title     = {Handbook of Metaheuristics},
  year      = {2010},
  doi       = {10.1007/978-1-4419-1665-5},
}

@Article{DiCaro2011,
  author    = {Di Caro, G. and Dorigo, M.},
  title     = {AntNet: Distributed Stigmergetic Control for Communications Networks},
  year      = {2011},
  copyright = {arXiv.org perpetual, non-exclusive license},
  doi       = {10.48550/ARXIV.1105.5449},
  keywords  = {Artificial Intelligence (cs.AI), FOS: Computer and information sciences, FOS: Computer and information sciences},
  publisher = {arXiv},
}

@Article{Kennedy1995,
  author    = {Kennedy, J. and Eberhart, R.},
  title     = {Particle swarm optimization},
  year      = {1995},
  pages     = {1942-1948 vol.4},
  volume    = {4},
  booktitle = {Proceedings of ICNN'95 - International Conference on Neural Networks},
  doi       = {10.1109/ICNN.1995.488968},
}

@Article{Yuce2013,
AUTHOR = {Yuce, Baris and Packianather, Michael S. and Mastrocinque, Ernesto and Pham, Duc Truong and Lambiase, Alfredo},
TITLE = {Honey Bees Inspired Optimization Method: The Bees Algorithm},
JOURNAL = {Insects},
VOLUME = {4},
YEAR = {2013},
NUMBER = {4},
PAGES = {646--662},
URL = {https://www.mdpi.com/2075-4450/4/4/646},
PubMedID = {26462528},
ISSN = {2075-4450},
DOI = {10.3390/insects4040646}
}
@Article{Sustek2017,
  author    = {Michal {\v{S}}ustek and Miroslav Marcan{\'{\i}}k and Pavel Tom{\'{a}}{\v{s}}ek and Zden{\v{e}}k {\'{U}}{\v{r}}edn{\'{\i}}{\v{c}}ek},
  journal   = {{MATEC} Web of Conferences},
  title     = {{DC} motors and servo-motors controlled by Raspberry Pi 2B},
  year      = {2017},
  pages     = {02025},
  volume    = {125},
  doi       = {10.1051/matecconf/201712502025},
  editor    = {N. Mastorakis and V. Mladenov and A. Bulucea},
  publisher = {{EDP} Sciences},
}
@misc{seeedstudio,
  author = {{Seeed Studio}},
  title = {{Grove Base Hat for Raspberry Pi}},
  howpublished = {\url{https://www.seeedstudio.com/Grove-Base-Hat-for-Raspberry-Pi.html}},
  year = {2021},
  note = {[Online; accessed 4-Apr-2023]}
}

@misc{raspberry-pi,
  author = {{Raspberry Pi}},
  title = {{Raspberry Pi 3 Model B}},
  howpublished = {\url{https://www.raspberrypi.com/products/raspberry-pi-3-model-b/}},
  year = {2016},
  note = {[Online; accessed 4-Apr-2023]}
}

@misc{addicore_fs90r_micro_servo,
  title={FS90R Micro Servo},
  author={Addicore},
  howpublished={\url{https://www.addicore.com/FS90R-Servo-p/ad314.htm}},
  year={Accessed on April 4, 2023}
}

@misc{tiangolo_fastapi_features,
  author = {TiangoLo},
  title = {FastAPI Features},
  howpublished = {\url{https://fastapi.tiangolo.com/features/}},
  year = {n.d.},
  note = {Accessed: April 4, 2023}
}
@article{AMARAN2015400,
title = {A Comparison of Lightweight Communication Protocols in Robotic Applications},
journal = {Procedia Computer Science},
volume = {76},
pages = {400-405},
year = {2015},
note = {2015 IEEE International Symposium on Robotics and Intelligent Sensors (IEEE IRIS2015)},
issn = {1877-0509},
doi = {https://doi.org/10.1016/j.procs.2015.12.318},
url = {https://www.sciencedirect.com/science/article/pii/S1877050915038193},
author = {Muhammad Harith Amaran and Nazmin Arif Mohd Noh and Mohd Saufy Rohmad and Habibah Hashim},
keywords = {Robotic, Robot, Communication Protocol, CoAP, MQTT-SN, Internet of Things}
}
@book{casella2021statistical,
  title={Statistical Inference},
  author={Casella, G. and Berger, R.L.},
  isbn={9780357753132},
  url={https://books.google.de/books?id=FAUVEAAAQBAJ},
  year={2021},
  publisher={Cengage Learning}
}

@Article{Darwish2018,
  author    = {Ahmed Haj Darwish and Abdulkader Joukhadar and Mariam Kashkash},
  journal   = {Cogent Engineering},
  title     = {Using the Bees Algorithm for wheeled mobile robot path planning in an indoor dynamic environment},
  year      = {2018},
  month     = {jan},
  number    = {1},
  pages     = {1426539},
  volume    = {5},
  doi       = {10.1080/23311916.2018.1426539},
  editor    = {James Lam},
  publisher = {Informa {UK} Limited},
}
@Book{Friedrich2019,
  author    = {Friedrich, Bjorn},
  publisher = {Logos Verlag Berlin},
  title     = {Multiplikative Euklidische Vektorraume ALS Grundlage Fur Das Rechnen Mit Positiv-Reellen Grossen},
  year      = {2019},
  isbn      = {9783832549138},
  pages     = {191},
}
@Article{Yuce2013,
  author    = {Baris Yuce and Michael Packianather and Ernesto Mastrocinque and Duc Pham and Alfredo Lambiase},
  journal   = {Insects},
  title     = {Honey Bees Inspired Optimization Method: The Bees Algorithm},
  year      = {2013},
  month     = {nov},
  number    = {4},
  pages     = {646--662},
  volume    = {4},
  doi       = {10.3390/insects4040646},
  publisher = {{MDPI} {AG}},
}
@Book{Brownlee2011,
  author    = {Brownlee, Jason},
  publisher = {Lulu},
  title     = {Clever algorithms},
  year      = {2011},
  isbn      = {9781446785065},
  pages     = {423},
  subtitle  = {nature-inspired programming recipes},
}

@Comment{jabref-meta: databaseType:bibtex;}
